@article{funk,
author = {Funk, Stefan},
title = {Ground- and Space-Based Gamma-Ray Astronomy},
journal = {Annual Review of Nuclear and Particle Science},
volume = {65},
number = {1},
pages = {245-277},
year = {2015},
doi = {10.1146/annurev-nucl-102014-022036},
URL = {https://doi.org/10.1146/annurev-nucl-102014-022036},
% eprint = {10.1146},
abstract = { In recent years, observational γ-ray astronomy has witnessed a remarkable range of
    exciting new results in the high-energy and very high-energy regimes. Coupled with extensive
    theoretical and phenomenological studies of nonthermal processes in the Universe, these
    observations have provided deep insights into a number of fundamental problems of high-energy
    astrophysics and astroparticle physics. Although the main motivations of γ-ray astronomy remain
    unchanged, recent observational results have contributed significantly toward our understanding
    of many related phenomena. This article aims to review the most important results in the young
    and rapidly developing field of γ-ray astrophysics. }
}

@article{scikit-learn,
 title={Scikit-learn: Machine Learning in {P}ython},
 author={Pedregosa, F. and Varoquaux, G. and Gramfort, A. and Michel, V.
         and Thirion, B. and Grisel, O. and Blondel, M. and Prettenhofer, P.
         and Weiss, R. and Dubourg, V. and Vanderplas, J. and Passos, A. and
         Cournapeau, D. and Brucher, M. and Perrot, M. and Duchesnay, E.},
 journal={Journal of Machine Learning Research},
 volume={12},
 pages={2825--2830},
 year={2011}
}

@online{fig5,
	author       = {Aguilar, Juan Antonio  and Yang, Jamie and Bravo, Silvia},
	title        = {Neutrinos and gamma rays, a partnership to explore the extreme universe},
	year         = {2016},
	url          = {https://icecube.wisc.edu/news/view/455},
	organization = {IceCube/WIPAC},
	urldate      = {2022-08-05}
}

@online{cta_south_layout,
  title        = {CTAO's site in the southern hemisphere},
  url          = {https://www.cta-observatory.org/about/array-locations/chile/},
  organization = {Cherenkov Telescope Array Consortium},
  urldate      = {2022-08-10}
}

@online{cta_north_layout,
  title        = {CTAO's site in the northern hemisphere},
  url          = {https://www.cta-observatory.org/about/array-locations/la-palma/},
  organization = {Cherenkov Telescope Array Consortium},
  urldate      = {2022-08-10}
}

@online{cta_specs,
  title        = {CTA Technology},
  url          = {https://www.cta-observatory.org/wp-content/uploads/2019/12/CTA-Specifications_v08_formatted.pdf},
  organization = {Cherenkov Telescope Array Consortium},
  urldate      = {2022-08-10}
}

@online{cta_tech,
  title        = {The technology behind the next generation very-high energy gamma-ray detector},
  url          = {https://www.cta-observatory.org/project/technology/},
  organization = {Cherenkov Telescope Array Consortium},
  urldate      = {2022-08-11}
}

@misc{carmelo_2020,
  author       = {Evoli, Carmelo},
  title        = {The Cosmic-Ray Energy Spectrum},
  month        = dec,
  year         = 2020,
  publisher    = {Zenodo},
  doi          = {10.5281/zenodo.4396125},
  url          = {https://doi.org/10.5281/zenodo.4396125}
}

@book{longair1981,
	address = {Cambridge [England] ; New York},
	title = {High energy astrophysics: an informal introduction for students of physics and astronomy},
	isbn = {9780521235136, 9780521280136},
	shorttitle = {High energy astrophysics},
	publisher = {Cambridge University Press},
	author = {Longair, Malcolm S.},
	year = {1981},
	keywords = {Cosmic rays, Nuclear astrophysics},
}

@phdthesis{noethe_thesis,
  author = {Nöthe, Maximilian},
  title = {Monitoring the High Energy Universe},
  subtitle = {Open, Reproducible, Machine Learning Based Analysis for the first G-APD Cherenkov Telescope},
  school = {Technische Universität Dortmund},
  year = {2020},
}

@phdthesis{bruegge_thesis,
  author = {Br\"ugge, Kai},
  title = {Unmasking the Gamma-Ray Sky},
  subtitle = {Comprehensive and Reproducible Analysis for Cherenkov Telescopes},
  school = {Technische Universität Dortmund},
  year = {2019},
}

@mastersthesis{hackfeld,
  author = {Hackfeld, Jonas},
  title = {Analyzing the Data Volume Reduction for the LST-1 Prototype of the Cherenkov Telescope Array},
  school = {Ruhr-Universität Bochum},
  year = {2021},
}

@misc{agn_diagram,
  author       = {Thorne, Jessica and
                  Robotham, Aaron and
                  Davies, Luke and
                  Bellstedt, Sabine},
  title        = {AGN Unification Diagram},
  month        = 3,
  year         = 2022,
  note         = {{Was originally created to be included in the
                   introduction of Thorne J. E., et al., 2022, MNRAS,
                   509, 4940}},
  publisher    = {Zenodo},
  doi          = {10.5281/zenodo.6381013},
  url          = {https://doi.org/10.5281/zenodo.6381013}
}

@article{bernlohr2008,
title = {Simulation of imaging atmospheric Cherenkov telescopes with CORSIKA and sim\_telarray},
journal = {Astroparticle Physics},
volume = {30},
number = {3},
pages = {149-158},
year = 2008,
doi = {https://doi.org/10.1016/j.astropartphys.2008.07.009},
url = {https://www.sciencedirect.com/science/article/pii/S0927650508000972},
author = {Konrad Bernl\"ohr},
keywords = {Air showers, Imaging atmospheric Cherenkov technique, Gamma-ray astronomy},
abstract = {Imaging atmospheric Cherenkov telescopes (IACTs) have resulted in a break-through in very-high energy (VHE) gamma-ray astrophysics. While early IACT installations faced the problem of detecting any sources at all, current instruments are able to see many sources, often over more than two orders of magnitude in energy. As instruments and analysis methods have matured, the requirements for calibration and modelling of physical and instrumental effects have increased. In this article, a set of Monte Carlo simulation tools is described that attempts to include all relevant effects for IACTs in great detail but aims to achieve this in an efficient and flexible way. These tools were originally developed for the HEGRA IACT system and later adapted for the H.E.S.S. experiment. Their inherent flexibility to describe quite arbitrary IACT systems makes them also an ideal tool for evaluating the potential of future installations. It is in use for design studies of CTA and other projects.}
}

@BOOK{corsika,
  author = {{Heck}, D. and {Knapp}, J. and {Capdevielle}, J.~N. and {Schatz}, G. and {Thouw}, T.},
  title = "{CORSIKA: a Monte Carlo code to simulate extensive air showers.}",
  year = 1998,
  url = {https://ui.adsabs.harvard.edu/abs/1998cmcc.book.....H},
  note = {Provided by the SAO/NASA Astrophysics Data System}
}

@software{ctapipe,
  author       = {Karl Kosack and
                  Maximilian Nöthe and
                  Jason Watson and
                  Jean Jacquemier and
                  Alison Mitchell and
                  Dominik Neise and
                  Michele Peresano and
                  Christoph Deil and
                  Lukas Nickel and
                  Samuel Timothy Spencer and
                  Raquel de los Reyes and
                  Franca Cassol and
                  Noah Biederbeck and
                  Thomas Vuillaume and
                  Kai Brügge and
                  Michele Mastropietro and
                  Jérémie Decock and
                  Abelardo Moralejo and
                  Wrijupan Bhattacharyya and
                  francesco visconti and
                  Jose Enrique Ruiz and
                  mgaug and
                  Ruben Lopez-Coto and
                  orelgueta and
                  Cyril Alispach and
                  Julien Lefaucheur and
                  Konstantin Pfrang and
                  Moritz Hütten and
                  thomasarmstrong and
                  Alice Donini},
  title        = {cta-observatory/ctapipe: v0.15.0 – 2022-05-23},
  month        = may,
  year         = 2022,
  publisher    = {Zenodo},
  version      = {v0.15.0},
  doi          = {10.5281/zenodo.6572720},
  url          = {https://doi.org/10.5281/zenodo.6572720}
}

@article{fermi4fgl,
	doi = {10.3847/1538-4365/ab6bcb},
	year = 2020,
	month = 3,
	publisher = {American Astronomical Society},
	volume = {247},
	number = {1},
	pages = {33},
	author = {S. Abdollahi and F. Acero and M. Ackermann and M. Ajello and W. B. Atwood and M. Axelsson and L. Baldini and J. Ballet and G. Barbiellini and D. Bastieri and J. Becerra Gonzalez and R. Bellazzini and A. Berretta and E. Bissaldi and R. D. Blandford and E. D. Bloom and R. Bonino and E. Bottacini and T. J. Brandt and J. Bregeon and P. Bruel and R. Buehler and T. H. Burnett and S. Buson and R. A. Cameron and R. Caputo and P. A. Caraveo and J. M. Casandjian and D. Castro and E. Cavazzuti and E. Charles and S. Chaty and S. Chen and C. C. Cheung and G. Chiaro and S. Ciprini and J. Cohen-Tanugi and L. R. Cominsky and J. Coronado-Bl{\'{a}}zquez and D. Costantin and A. Cuoco and S. Cutini and F. D'Ammando and M. DeKlotz and P. de la Torre Luque and F. de Palma and A. Desai and S. W. Digel and N. Di Lalla and M. Di Mauro and L. Di Venere and A. Dom{\'{\i}}nguez and D. Dumora and F. Fana Dirirsa and S. J. Fegan and E. C. Ferrara and A. Franckowiak and Y. Fukazawa and S. Funk and P. Fusco and F. Gargano and D. Gasparrini and N. Giglietto and P. Giommi and F. Giordano and M. Giroletti and T. Glanzman and D. Green and I. A. Grenier and S. Griffin and M.-H. Grondin and J. E. Grove and S. Guiriec and A. K. Harding and K. Hayashi and E. Hays and J. W. Hewitt and D. Horan and G. J{\'{o}}hannesson and T. J. Johnson and T. Kamae and M. Kerr and D. Kocevski and M. Kovac'evic' and M. Kuss and D. Landriu and S. Larsson and L. Latronico and M. Lemoine-Goumard and J. Li and I. Liodakis and F. Longo and F. Loparco and B. Lott and M. N. Lovellette and P. Lubrano and G. M. Madejski and S. Maldera and D. Malyshev and A. Manfreda and E. J. Marchesini and L. Marcotulli and G. Mart{\'{\i}}-Devesa and P. Martin and F. Massaro and M. N. Mazziotta and J. E. McEnery and I. Mereu and M. Meyer and P. F. Michelson and N. Mirabal and T. Mizuno and M. E. Monzani and A. Morselli and I. V. Moskalenko and M. Negro and E. Nuss and R. Ojha and N. Omodei and M. Orienti and E. Orlando and J. F. Ormes and M. Palatiello and V. S. Paliya and D. Paneque and Z. Pei and H. Pe{\~{n}}a-Herazo and J. S. Perkins and M. Persic and M. Pesce-Rollins and V. Petrosian and L. Petrov and F. Piron and H. Poon and T. A. Porter and G. Principe and S. Rain{\`{o}} and R. Rando and M. Razzano and S. Razzaque and A. Reimer and O. Reimer and Q. Remy and T. Reposeur and R. W. Romani and P. M. Saz Parkinson and F. K. Schinzel and D. Serini and C. Sgr{\`{o}} and E. J. Siskind and D. A. Smith and G. Spandre and P. Spinelli and A. W. Strong and D. J. Suson and H. Tajima and M. N. Takahashi and D. Tak and J. B. Thayer and D. J. Thompson and L. Tibaldo and D. F. Torres and E. Torresi and J. Valverde and B. Van Klaveren and P. van Zyl and K. Wood and M. Yassine and G. Zaharijas},
	title = {Fermi Large Area Telescope Fourth Source Catalog},
	journal = {The Astrophysical Journal Supplement Series},
	abstract = {We present the fourth Fermi Large Area Telescope catalog (4FGL) of γ-ray sources. Based on the first eight years of science data from the Fermi Gamma-ray Space Telescope mission in the energy range from 50 MeV to 1 TeV, it is the deepest yet in this energy range. Relative to the 3FGL catalog, the 4FGL catalog has twice as much exposure as well as a number of analysis improvements, including an updated model for the Galactic diffuse γ-ray emission, and two sets of light curves (one-year and two-month intervals). The 4FGL catalog includes 5064 sources above 4σ significance, for which we provide localization and spectral properties. Seventy-five sources are modeled explicitly as spatially extended, and overall, 358 sources are considered as identified based on angular extent, periodicity, or correlated variability observed at other wavelengths. For 1336 sources, we have not found plausible counterparts at other wavelengths. More than 3130 of the identified or associated sources are active galaxies of the blazar class, and 239 are pulsars.},
  eprint={1902.10045},
  archivePrefix={arXiv},
  primaryClass={astro-ph.HE}
}

@article{PhysRevLett.116.061102,
  title = {Observation of Gravitational Waves from a Binary Black Hole Merger},
  author = {Abbott, B. P. and Abbott, R. and Abbott, T. D. and Abernathy, M. R. and Acernese, F. and
        Ackley, K. and Adams, C. and Adams, T. and Addesso, P. and Adhikari, R. X. and Adya, V. B. and
        Affeldt, C. and Agathos, M. and Agatsuma, K. and Aggarwal, N. and Aguiar, O. D. and Aiello, L.
        and Ain, A. and Ajith, P. and Allen, B. and Allocca, A. and Altin, P. A. and Anderson, S. B.
        and Anderson, W. G. and Arai, K. and Arain, M. A. and Araya, M. C. and Arceneaux, C. C. and
        Areeda, J. S. and Arnaud, N. and Arun, K. G. and Ascenzi, S. and Ashton, G. and Ast, M. and
        Aston, S. M. and Astone, P. and Aufmuth, P. and Aulbert, C. and Babak, S. and Bacon, P. and
        Bader, M. K. M. and Baker, P. T. and Baldaccini, F. and Ballardin, G. and Ballmer, S. W. and
        Barayoga, J. C. and Barclay, S. E. and Barish, B. C. and Barker, D. and Barone, F. and
        Barr, B. and Barsotti, L. and Barsuglia, M. and Barta, D. and Bartlett, J. and Barton, M. A.
        and Bartos, I. and Bassiri, R. and Basti, A. and Batch, J. C. and Baune, C. and Bavigadda, V.
        and Bazzan, M. and Behnke, B. and Bejger, M. and Belczynski, C. and Bell, A. S. and Bell, C. J.
        and Berger, B. K. and Bergman, J. and Bergmann, G. and Berry, C. P. L. and Bersanetti, D. and
        Bertolini, A. and Betzwieser, J. and Bhagwat, S. and Bhandare, R. and Bilenko, I. A. and
        Billingsley, G. and Birch, J. and Birney, R. and Birnholtz, O. and Biscans, S. and Bisht, A.
        and Bitossi, M. and Biwer, C. and Bizouard, M. A. and Blackburn, J. K. and Blair, C. D. and
        Blair, D. G. and Blair, R. M. and Bloemen, S. and Bock, O. and Bodiya, T. P. and Boer, M. and
        Bogaert, G. and Bogan, C. and Bohe, A. and Bojtos, P. and Bond, C. and Bondu, F. and Bonnand, R.
        and Boom, B. A. and Bork, R. and Boschi, V. and Bose, S. and Bouffanais, Y. and Bozzi, A. and
        Bradaschia, C. and Brady, P. R. and Braginsky, V. B. and Branchesi, M. and Brau, J. E. and
        Briant, T. and Brillet, A. and Brinkmann, M. and Brisson, V. and Brockill, P. and Brooks, A. F.
        and Brown, D. A. and Brown, D. D. and Brown, N. M. and Buchanan, C. C. and Buikema, A. and
        Bulik, T. and Bulten, H. J. and Buonanno, A. and Buskulic, D. and Buy, C. and Byer, R. L. and
        Cabero, M. and Cadonati, L. and Cagnoli, G. and Cahillane, C. and Bustillo, J. Calder\'on and
        Callister, T. and Calloni, E. and Camp, J. B. and Cannon, K. C. and Cao, J. and Capano, C. D. and
        Capocasa, E. and Carbognani, F. and Caride, S. and Diaz, J. Casanueva and Casentini, C. and
        Caudill, S. and Cavagli\`a, M. and Cavalier, F. and Cavalieri, R. and Cella, G. and Cepeda, C. B.
        and Baiardi, L. Cerboni and Cerretani, G. and Cesarini, E. and Chakraborty, R. and Chalermsongsak, T.
        and Chamberlin, S. J. and Chan, M. and Chao, S. and Charlton, P. and Chassande-Mottin, E.
        and Chen, H. Y. and Chen, Y. and Cheng, C. and Chincarini, A. and Chiummo, A. and Cho, H. S.
        and Cho, M. and Chow, J. H. and Christensen, N. and Chu, Q. and Chua, S. and Chung, S. and Ciani, G.
        and Clara, F. and Clark, J. A. and Cleva, F. and Coccia, E. and Cohadon, P.-F. and Colla, A.
        and Collette, C. G. and Cominsky, L. and Constancio, M. and Conte, A. and Conti, L. and Cook, D.
        and Corbitt, T. R. and Cornish, N. and Corsi, A. and Cortese, S. and Costa, C. A. and
        Coughlin, M. W. and Coughlin, S. B. and Coulon, J.-P. and Countryman, S. T. and Couvares, P.
        and Cowan, E. E. and Coward, D. M. and Cowart, M. J. and Coyne, D. C. and Coyne, R. and Craig, K.
        and Creighton, J. D. E. and Creighton, T. D. and Cripe, J. and Crowder, S. G. and Cruise, A. M.
        and Cumming, A. and Cunningham, L. and Cuoco, E. and Canton, T. Dal and Danilishin, S. L. and
        D'Antonio, S. and Danzmann, K. and Darman, N. S. and Da Silva Costa, C. F. and Dattilo, V. and
        Dave, I. and Daveloza, H. P. and Davier, M. and Davies, G. S. and Daw, E. J. and Day, R. and
        De, S. and DeBra, D. and Debreczeni, G. and Degallaix, J. and De Laurentis, M. and Del\'eglise, S.
        and Del Pozzo, W. and Denker, T. and Dent, T. and Dereli, H. and Dergachev, V. and DeRosa, R. T.
        and De Rosa, R. and DeSalvo, R. and Dhurandhar, S. and D\'{\i}az, M. C. and Di Fiore, L. and
        Di Giovanni, M. and Di Lieto, A. and Di Pace, S. and Di Palma, I. and Di Virgilio, A. and
        Dojcinoski, G. and Dolique, V. and Donovan, F. and Dooley, K. L. and Doravari, S. and Douglas, R.
        and Downes, T. P. and Drago, M. and Drever, R. W. P. and Driggers, J. C. and Du, Z. and Ducrot, M.
        and Dwyer, S. E. and Edo, T. B. and Edwards, M. C. and Effler, A. and Eggenstein, H.-B. and Ehrens, P.
        and Eichholz, J. and Eikenberry, S. S. and Engels, W. and Essick, R. C. and Etzel, T. and
        Evans, M. and Evans, T. M. and Everett, R. and Factourovich, M. and Fafone, V. and Fair, H. and
        Fairhurst, S. and Fan, X. and Fang, Q. and Farinon, S. and Farr, B. and Farr, W. M. and Favata, M.
        and Fays, M. and Fehrmann, H. and Fejer, M. M. and Feldbaum, D. and Ferrante, I. and Ferreira, E. C.
        and Ferrini, F. and Fidecaro, F. and Finn, L. S. and Fiori, I. and Fiorucci, D. and Fisher, R. P.
        and Flaminio, R. and Fletcher, M. and Fong, H. and Fournier, J.-D. and Franco, S. and Frasca, S.
        and Frasconi, F. and Frede, M. and Frei, Z. and Freise, A. and Frey, R. and Frey, V. and
        Fricke, T. T. and Fritschel, P. and Frolov, V. V. and Fulda, P. and Fyffe, M. and Gabbard, H. A. G.
        and Gair, J. R. and Gammaitoni, L. and Gaonkar, S. G. and Garufi, F. and Gatto, A. and Gaur, G.
        and Gehrels, N. and Gemme, G. and Gendre, B. and Genin, E. and Gennai, A. and George, J. and
        Gergely, L. and Germain, V. and Ghosh, Abhirup and Ghosh, Archisman and Ghosh, S. and Giaime, J. A.
        and Giardina, K. D. and Giazotto, A. and Gill, K. and Glaefke, A. and Gleason, J. R. and Goetz, E.
        and Goetz, R. and Gondan, L. and Gonz\'alez, G. and Castro, J. M. Gonzalez and Gopakumar, A.
        and Gordon, N. A. and Gorodetsky, M. L. and Gossan, S. E. and Gosselin, M. and Gouaty, R. and
        Graef, C. and Graff, P. B. and Granata, M. and Grant, A. and Gras, S. and Gray, C. and Greco, G.
        and Green, A. C. and Greenhalgh, R. J. S. and Groot, P. and Grote, H. and Grunewald, S. and
        Guidi, G. M. and Guo, X. and Gupta, A. and Gupta, M. K. and Gushwa, K. E. and Gustafson, E. K.
        and Gustafson, R. and Hacker, J. J. and Hall, B. R. and Hall, E. D. and Hammond, G. and Haney, M.
        and Hanke, M. M. and Hanks, J. and Hanna, C. and Hannam, M. D. and Hanson, J. and Hardwick, T.
        and Harms, J. and Harry, G. M. and Harry, I. W. and Hart, M. J. and Hartman, M. T. and
        Haster, C.-J. and Haughian, K. and Healy, J. and Heefner, J. and Heidmann, A. and Heintze, M. C.
        and Heinzel, G. and Heitmann, H. and Hello, P. and Hemming, G. and Hendry, M. and Heng, I. S.
        and Hennig, J. and Heptonstall, A. W. and Heurs, M. and Hild, S. and Hoak, D. and Hodge, K. A.
        and Hofman, D. and Hollitt, S. E. and Holt, K. and Holz, D. E. and Hopkins, P. and Hosken, D. J.
        and Hough, J. and Houston, E. A. and Howell, E. J. and Hu, Y. M. and Huang, S. and Huerta, E. A.
        and Huet, D. and Hughey, B. and Husa, S. and Huttner, S. H. and Huynh-Dinh, T. and Idrisy, A.
        and Indik, N. and Ingram, D. R. and Inta, R. and Isa, H. N. and Isac, J.-M. and Isi, M.
        and Islas, G. and Isogai, T. and Iyer, B. R. and Izumi, K. and Jacobson, M. B. and Jacqmin, T.
        and Jang, H. and Jani, K. and Jaranowski, P. and Jawahar, S. and Jim\'enez-Forteza, F. and
        Johnson, W. W. and Johnson-McDaniel, N. K. and Jones, D. I. and Jones, R. and Jonker, R. J. G.
        and Ju, L. and Haris, K. and Kalaghatgi, C. V. and Kalogera, V. and Kandhasamy, S. and
        Kang, G. and Kanner, J. B. and Karki, S. and Kasprzack, M. and Katsavounidis, E. and Katzman, W.
        and Kaufer, S. and Kaur, T. and Kawabe, K. and Kawazoe, F. and K\'ef\'elian, F. and Kehl, M. S.
        and Keitel, D. and Kelley, D. B. and Kells, W. and Kennedy, R. and Keppel, D. G. and Key, J. S.
        and Khalaidovski, A. and Khalili, F. Y. and Khan, I. and Khan, S. and Khan, Z. and Khazanov, E. A.
        and Kijbunchoo, N. and Kim, C. and Kim, J. and Kim, K. and Kim, Nam-Gyu and Kim, Namjun and
        Kim, Y.-M. and King, E. J. and King, P. J. and Kinzel, D. L. and Kissel, J. S. and Kleybolte, L.
        and Klimenko, S. and Koehlenbeck, S. M. and Kokeyama, K. and Koley, S. and Kondrashov, V. and
        Kontos, A. and Koranda, S. and Korobko, M. and Korth, W. Z. and Kowalska, I. and Kozak, D. B. and
        Kringel, V. and Krishnan, B. and Kr\'olak, A. and Krueger, C. and Kuehn, G. and Kumar, P. and
        Kumar, R. and Kuo, L. and Kutynia, A. and Kwee, P. and Lackey, B. D. and Landry, M. and Lange, J.
        and Lantz, B. and Lasky, P. D. and Lazzarini, A. and Lazzaro, C. and Leaci, P. and Leavey, S.
        and Lebigot, E. O. and Lee, C. H. and Lee, H. K. and Lee, H. M. and Lee, K. and Lenon, A. and
        Leonardi, M. and Leong, J. R. and Leroy, N. and Letendre, N. and Levin, Y. and Levine, B. M.
        and Li, T. G. F. and Libson, A. and Littenberg, T. B. and Lockerbie, N. A. and Logue, J. and
        Lombardi, A. L. and London, L. T. and Lord, J. E. and Lorenzini, M. and Loriette, V. and Lormand, M.
        and Losurdo, G. and Lough, J. D. and Lousto, C. O. and Lovelace, G. and L\"uck, H. and Lundgren, A. P.
        and Luo, J. and Lynch, R. and Ma, Y. and MacDonald, T. and Machenschalk, B. and MacInnis, M.
        and Macleod, D. M. and Maga\~na-Sandoval, F. and Magee, R. M. and Mageswaran, M. and Majorana, E.
        and Maksimovic, I. and Malvezzi, V. and Man, N. and Mandel, I. and Mandic, V. and Mangano, V.
        and Mansell, G. L. and Manske, M. and Mantovani, M. and Marchesoni, F. and Marion, F. and M\'arka, S.
        and M\'arka, Z. and Markosyan, A. S. and Maros, E. and Martelli, F. and Martellini, L. and
        Martin, I. W. and Martin, R. M. and Martynov, D. V. and Marx, J. N. and Mason, K. and Masserot, A.
        and Massinger, T. J. and Masso-Reid, M. and Matichard, F. and Matone, L. and Mavalvala, N.
        and Mazumder, N. and Mazzolo, G. and McCarthy, R. and McClelland, D. E. and McCormick, S.
        and McGuire, S. C. and McIntyre, G. and McIver, J. and McManus, D. J. and McWilliams, S. T.
        and Meacher, D. and Meadors, G. D. and Meidam, J. and Melatos, A. and Mendell, G. and Mendoza-Gandara, D.
        and Mercer, R. A. and Merilh, E. and Merzougui, M. and Meshkov, S. and Messenger, C. and Messick, C.
        and Meyers, P. M. and Mezzani, F. and Miao, H. and Michel, C. and Middleton, H. and Mikhailov, E. E.
        and Milano, L. and Miller, J. and Millhouse, M. and Minenkov, Y. and Ming, J. and Mirshekari, S.
        and Mishra, C. and Mitra, S. and Mitrofanov, V. P. and Mitselmakher, G. and Mittleman, R. and Moggi, A.
        and Mohan, M. and Mohapatra, S. R. P. and Montani, M. and Moore, B. C. and Moore, C. J. and Moraru, D.
        and Moreno, G. and Morriss, S. R. and Mossavi, K. and Mours, B. and Mow-Lowry, C. M. and Mueller, C. L.
        and Mueller, G. and Muir, A. W. and Mukherjee, Arunava and Mukherjee, D. and Mukherjee, S. and
        Mukund, N. and Mullavey, A. and Munch, J. and Murphy, D. J. and Murray, P. G. and Mytidis, A.
        and Nardecchia, I. and Naticchioni, L. and Nayak, R. K. and Necula, V. and Nedkova, K. and
        Nelemans, G. and Neri, M. and Neunzert, A. and Newton, G. and Nguyen, T. T. and Nielsen, A. B.
        and Nissanke, S. and Nitz, A. and Nocera, F. and Nolting, D. and Normandin, M. E. N. and Nuttall, L. K.
        and Oberling, J. and Ochsner, E. and O'Dell, J. and Oelker, E. and Ogin, G. H. and Oh, J. J. and Oh, S. H.
        and Ohme, F. and Oliver, M. and Oppermann, P. and Oram, Richard J. and O'Reilly, B. and O'Shaughnessy, R.
        and Ott, C. D. and Ottaway, D. J. and Ottens, R. S. and Overmier, H. and Owen, B. J. and Pai, A.
        and Pai, S. A. and Palamos, J. R. and Palashov, O. and Palomba, C. and Pal-Singh, A. and Pan, H.
        and Pan, Y. and Pankow, C. and Pannarale, F. and Pant, B. C. and Paoletti, F. and Paoli, A. and
        Papa, M. A. and Paris, H. R. and Parker, W. and Pascucci, D. and Pasqualetti, A. and Passaquieti, R.
        and Passuello, D. and Patricelli, B. and Patrick, Z. and Pearlstone, B. L. and Pedraza, M. and
        Pedurand, R. and Pekowsky, L. and Pele, A. and Penn, S. and Perreca, A. and Pfeiffer, H. P. and
        Phelps, M. and Piccinni, O. and Pichot, M. and Pickenpack, M. and Piergiovanni, F. and Pierro, V.
        and Pillant, G. and Pinard, L. and Pinto, I. M. and Pitkin, M. and Poeld, J. H. and Poggiani, R.
        and Popolizio, P. and Post, A. and Powell, J. and Prasad, J. and Predoi, V. and Premachandra, S. S.
        and Prestegard, T. and Price, L. R. and Prijatelj, M. and Principe, M. and Privitera, S. and Prix, R.
        and Prodi, G. A. and Prokhorov, L. and Puncken, O. and Punturo, M. and Puppo, P. and P\"urrer, M.
        and Qi, H. and Qin, J. and Quetschke, V. and Quintero, E. A. and Quitzow-James, R. and Raab, F. J.
        and Rabeling, D. S. and Radkins, H. and Raffai, P. and Raja, S. and Rakhmanov, M. and Ramet, C. R.
        and Rapagnani, P. and Raymond, V. and Razzano, M. and Re, V. and Read, J. and Reed, C. M. and
        Regimbau, T. and Rei, L. and Reid, S. and Reitze, D. H. and Rew, H. and Reyes, S. D. and Ricci, F.
        and Riles, K. and Robertson, N. A. and Robie, R. and Robinet, F. and Rocchi, A. and Rolland, L.
        and Rollins, J. G. and Roma, V. J. and Romano, J. D. and Romano, R. and Romanov, G. and Romie, J. H.
        and Rosi\ifmmode \acute{n}\else \'{n}\fi{}ska, D. and Rowan, S. and R\"udiger, A. and Ruggi, P.
        and Ryan, K. and Sachdev, S. and Sadecki, T. and Sadeghian, L. and Salconi, L. and Saleem, M.
        and Salemi, F. and Samajdar, A. and Sammut, L. and Sampson, L. M. and Sanchez, E. J. and
        Sandberg, V. and Sandeen, B. and Sanders, G. H. and Sanders, J. R. and Sassolas, B. and
        Sathyaprakash, B. S. and Saulson, P. R. and Sauter, O. and Savage, R. L. and Sawadsky, A.
        and Schale, P. and Schilling, R. and Schmidt, J. and Schmidt, P. and Schnabel, R. and Schofield, R. M. S.
        and Sch\"onbeck, A. and Schreiber, E. and Schuette, D. and Schutz, B. F. and Scott, J. and
        Scott, S. M. and Sellers, D. and Sengupta, A. S. and Sentenac, D. and Sequino, V. and Sergeev, A.
        and Serna, G. and Setyawati, Y. and Sevigny, A. and Shaddock, D. A. and Shaffer, T. and Shah, S.
        and Shahriar, M. S. and Shaltev, M. and Shao, Z. and Shapiro, B. and Shawhan, P. and Sheperd, A.
        and Shoemaker, D. H. and Shoemaker, D. M. and Siellez, K. and Siemens, X. and Sigg, D. and Silva, A. D.
        and Simakov, D. and Singer, A. and Singer, L. P. and Singh, A. and Singh, R. and Singhal, A. and
        Sintes, A. M. and Slagmolen, B. J. J. and Smith, J. R. and Smith, M. R. and Smith, N. D. and
        Smith, R. J. E. and Son, E. J. and Sorazu, B. and Sorrentino, F. and Souradeep, T. and Srivastava, A. K.
        and Staley, A. and Steinke, M. and Steinlechner, J. and Steinlechner, S. and Steinmeyer, D.
        and Stephens, B. C. and Stevenson, S. P. and Stone, R. and Strain, K. A. and Straniero, N.
        and Stratta, G. and Strauss, N. A. and Strigin, S. and Sturani, R. and Stuver, A. L. and
        Summerscales, T. Z. and Sun, L. and Sutton, P. J. and Swinkels, B. L. and Szczepa
        \ifmmode \acute{n}\else \'{n}\fi{}czyk, M. J. and Tacca, M. and Talukder, D. and Tanner, D. B.
        and T\'apai, M. and Tarabrin, S. P. and Taracchini, A. and Taylor, R. and Theeg, T. and
        Thirugnanasambandam, M. P. and Thomas, E. G. and Thomas, M. and Thomas, P. and Thorne, K. A.
        and Thorne, K. S. and Thrane, E. and Tiwari, S. and Tiwari, V. and Tokmakov, K. V. and Tomlinson, C.
        and Tonelli, M. and Torres, C. V. and Torrie, C. I. and T\"oyr\"a, D. and Travasso, F. and Traylor, G.
        and Trifir\`o, D. and Tringali, M. C. and Trozzo, L. and Tse, M. and Turconi, M. and Tuyenbayev, D.
        and Ugolini, D. and Unnikrishnan, C. S. and Urban, A. L. and Usman, S. A. and Vahlbruch, H.
        and Vajente, G. and Valdes, G. and Vallisneri, M. and van Bakel, N. and van Beuzekom, M. and
        van den Brand, J. F. J. and Van Den Broeck, C. and Vander-Hyde, D. C. and van der Schaaf, L.
        and van Heijningen, J. V. and van Veggel, A. A. and Vardaro, M. and Vass, S. and Vas\'uth, M.
        and Vaulin, R. and Vecchio, A. and Vedovato, G. and Veitch, J. and Veitch, P. J. and
        Venkateswara, K. and Verkindt, D. and Vetrano, F. and Vicer\'e, A. and Vinciguerra, S. and
        Vine, D. J. and Vinet, J.-Y. and Vitale, S. and Vo, T. and Vocca, H. and Vorvick, C. and
        Voss, D. and Vousden, W. D. and Vyatchanin, S. P. and Wade, A. R. and Wade, L. E. and Wade, M.
        and Waldman, S. J. and Walker, M. and Wallace, L. and Walsh, S. and Wang, G. and Wang, H. and
        Wang, M. and Wang, X. and Wang, Y. and Ward, H. and Ward, R. L. and Warner, J. and Was, M. and
        Weaver, B. and Wei, L.-W. and Weinert, M. and Weinstein, A. J. and Weiss, R. and Welborn, T.
        and Wen, L. and We\ss{}els, P. and Westphal, T. and Wette, K. and Whelan, J. T. and Whitcomb, S. E.
        and White, D. J. and Whiting, B. F. and Wiesner, K. and Wilkinson, C. and Willems, P. A. and
        Williams, L. and Williams, R. D. and Williamson, A. R. and Willis, J. L. and Willke, B. and
        Wimmer, M. H. and Winkelmann, L. and Winkler, W. and Wipf, C. C. and Wiseman, A. G. and Wittel, H.
        and Woan, G. and Worden, J. and Wright, J. L. and Wu, G. and Yablon, J. and Yakushin, I. and Yam, W.
        and Yamamoto, H. and Yancey, C. C. and Yap, M. J. and Yu, H. and Yvert, M. and Zadr
        \ifmmode \dot{z}\else \.{z}\fi{}ny, A. and Zangrando, L. and Zanolin, M. and Zendri, J.-P. and
        Zevin, M. and Zhang, F. and Zhang, L. and Zhang, M. and Zhang, Y. and Zhao, C. and Zhou, M.
        and Zhou, Z. and Zhu, X. J. and Zucker, M. E. and Zuraw, S. E. and Zweizig, J.},
  collaboration = {LIGO Scientific Collaboration and Virgo Collaboration},
  journal = {Phys. Rev. Lett.},
  volume = {116},
  issue = {6},
  pages = {061102},
  numpages = {16},
  year = {2016},
  month = 3,
  publisher = {American Physical Society},
  doi = {10.1103/PhysRevLett.116.061102},
  url = {https://link.aps.org/doi/10.1103/PhysRevLett.116.061102}
}

@ARTICLE{icetop-data,
       author = {{Aartsen}, M.~G. and {Abbasi}, R. and {Abdou}, Y. and {Ackermann}, M. and
         {Adams}, J. and {Aguilar}, J.~A. and {Ahlers}, M. and {Altmann}, D. and
         {Auffenberg}, J. and {Bai}, X. and {Baker}, M. and {Barwick}, S.~W. and
         {Baum}, V. and {Bay}, R. and {Beatty}, J.~J. and {Bechet}, S. and
         {Becker Tjus}, J. and {Becker}, K. -H. and {Benabderrahmane}, M.~L. and
         {BenZvi}, S. and {Berghaus}, P. and {Berley}, D. and {Bernardini}, E. and
         {Bernhard}, A. and {Bertrand}, D. and {Besson}, D.~Z. and {Binder}, G. and
         {Bindig}, D. and {Bissok}, M. and {Blaufuss}, E. and {Blumenthal}, J. and
         {Boersma}, D.~J. and {Bohaichuk}, S. and {Bohm}, C. and {Bose}, D. and
         {B{\"o}ser}, S. and {Botner}, O. and {Brayeur}, L. and {Bretz}, H. -P. and
         {Brown}, A.~M. and {Bruijn}, R. and {Brunner}, J. and {Carson}, M. and
         {Casey}, J. and {Casier}, M. and {Chirkin}, D. and {Christov}, A. and
         {Christy}, B. and {Clark}, K. and {Clevermann}, F. and {Coenders}, S. and
         {Cohen}, S. and {Cowen}, D.~F. and {Cruz Silva}, A.~H. and
         {Danninger}, M. and {Daughhetee}, J. and {Davis}, J.~C. and
         {De Clercq}, C. and {De Ridder}, S. and {Desiati}, P. and
         {de Vries}, K.~D. and {de With}, M. and {DeYoung}, T. and
         {D{\'\i}az-V{\'e}lez}, J.~C. and {Dunkman}, M. and {Eagan}, R. and
         {Eberhardt}, B. and {Eisch}, J. and {Ellsworth}, R.~W. and {Euler}, S. and
         {Evenson}, P.~A. and {Fadiran}, O. and {Fazely}, A.~R. and
         {Fedynitch}, A. and {Feintzeig}, J. and {Feusels}, T. and
         {Filimonov}, K. and {Finley}, C. and {Fischer-Wasels}, T. and
         {Flis}, S. and {Franckowiak}, A. and {Frantzen}, K. and {Fuchs}, T. and
         {Gaisser}, T.~K. and {Gallagher}, J. and {Gerhardt}, L. and
         {Gladstone}, L. and {Gl{\"u}senkamp}, T. and {Goldschmidt}, A. and
         {Golup}, G. and {Gonzalez}, J.~G. and {Goodman}, J.~A. and
         {G{\'o}ra}, D. and {Grandmont}, D.~T. and {Grant}, D. and
         {Gro{\ss}}, A. and {Ha}, C. and {Haj Ismail}, A. and {Hallen}, P. and
         {Hallgren}, A. and {Halzen}, F. and {Hanson}, K. and {Heereman}, D. and
         {Heinen}, D. and {Helbing}, K. and {Hellauer}, R. and {Hickford}, S. and
         {Hill}, G.~C. and {Hoffman}, K.~D. and {Hoffmann}, R. and
         {Homeier}, A. and {Hoshina}, K. and {Huelsnitz}, W. and {Hulth}, P.~O. and
         {Hultqvist}, K. and {Hussain}, S. and {Ishihara}, A. and {Jacobi}, E. and
         {Jacobsen}, J. and {Jagielski}, K. and {Japaridze}, G.~S. and
         {Jero}, K. and {Jlelati}, O. and {Kaminsky}, B. and {Kappes}, A. and
         {Karg}, T. and {Karle}, A. and {Kelley}, J.~L. and {Kiryluk}, J. and
         {Kl{\"a}s}, J. and {Klein}, S.~R. and {K{\"o}hne}, J. -H. and
         {Kohnen}, G. and {Kolanoski}, H. and {K{\"o}pke}, L. and {Kopper}, C. and
         {Kopper}, S. and {Koskinen}, D.~J. and {Kowalski}, M. and
         {Krasberg}, M. and {Krings}, K. and {Kroll}, G. and {Kunnen}, J. and
         {Kurahashi}, N. and {Kuwabara}, T. and {Labare}, M. and {Landsman}, H. and
         {Larson}, M.~J. and {Lesiak-Bzdak}, M. and {Leuermann}, M. and
         {Leute}, J. and {L{\"u}nemann}, J. and {Mac{\'\i}ias}, O. and
         {Madsen}, J. and {Maggi}, G. and {Maruyama}, R. and {Mase}, K. and
         {Matis}, H.~S. and {McNally}, F. and {Meagher}, K. and {Merck}, M. and
         {Meures}, T. and {Miarecki}, S. and {Middell}, E. and {Milke}, N. and
         {Miller}, J. and {Mohrmann}, L. and {Montaruli}, T. and {Morse}, R. and
         {Nahnhauer}, R. and {Naumann}, U. and {Niederhausen}, H. and
         {Nowicki}, S.~C. and {Nygren}, D.~R. and {Obertacke}, A. and
         {Odrowski}, S. and {Olivas}, A. and {Omairat}, A. and
         {O'Murchadha}, A. and {Paul}, L. and {Pepper}, J.~A. and
         {P{\'e}rez de los Heros}, C. and {Pfendner}, C. and {Pieloth}, D. and
         {Pinat}, E. and {Posselt}, J. and {Price}, P.~B. and
         {Przybylski}, G.~T. and {R{\"a}del}, L. and {Rameez}, M. and
         {Rawlins}, K. and {Redl}, P. and {Reimann}, R. and {Resconi}, E. and
         {Rhode}, W. and {Ribordy}, M. and {Richman}, M. and {Riedel}, B. and
         {Rodrigues}, J.~P. and {Rott}, C. and {Ruhe}, T. and {Ruzybayev}, B. and
         {Ryckbosch}, D. and {Saba}, S.~M. and {Salameh}, T. and {Sand
        er}, H. -G. and {Santander}, M. and {Sarkar}, S. and {Schatto}, K. and
         {Scheriau}, F. and {Schmidt}, T. and {Schmitz}, M. and {Schoenen}, S. and
         {Sch{\"o}neberg}, S. and {Sch{\"o}nwald}, A. and {Schukraft}, A. and
         {Schulte}, L. and {Schulz}, O. and {Seckel}, D. and {Sestayo}, Y. and
         {Seunarine}, S. and {Shanidze}, R. and {Sheremata}, C. and
         {Smith}, M.~W.~E. and {Soldin}, D. and {Spiczak}, G.~M. and
         {Spiering}, C. and {Stamatikos}, M. and {Stanev}, T. and {Stasik}, A. and
         {Stezelberger}, T. and {Stokstad}, R.~G. and {St{\"o}{\ss}l}, A. and
         {Strahler}, E.~A. and {Str{\"o}m}, R. and {Sullivan}, G.~W. and
         {Taavola}, H. and {Taboada}, I. and {Tamburro}, A. and {Tepe}, A. and
         {Ter-Antonyan}, S. and {Te{\v{s}}i{\'c}}, G. and {Tilav}, S. and
         {Toale}, P.~A. and {Toscano}, S. and {Unger}, E. and {Usner}, M. and
         {Vallecorsa}, S. and {van Eijndhoven}, N. and {Van Overloop}, A. and
         {van Santen}, J. and {Vehring}, M. and {Voge}, M. and {Vraeghe}, M. and
         {Walck}, C. and {Waldenmaier}, T. and {Wallraff}, M. and {Weaver}, Ch. and
         {Wellons}, M. and {Wendt}, C. and {Westerhoff}, S. and {Whitehorn}, N. and
         {Wiebe}, K. and {Wiebusch}, C.~H. and {Williams}, D.~R. and
         {Wissing}, H. and {Wolf}, M. and {Wood}, T.~R. and {Woschnagg}, K. and
         {Xu}, C. and {Xu}, D.~L. and {Xu}, X.~W. and {Yanez}, J.~P. and
         {Yodh}, G. and {Yoshida}, S. and {Zarzhitsky}, P. and {Ziemann}, J. and
         {Zierke}, S. and {Zoll}, M.},
        title = "{Measurement of the cosmic ray energy spectrum with IceTop-73}",
      journal = {PhysRevD},
     keywords = {98.70.Sa, 95.85.Ry, 96.50.sb, 96.50.sd, Cosmic rays, Neutrino muon pion and other elementary particles, cosmic rays, Composition energy spectra and interactions, Extensive air showers, Astrophysics - High Energy Astrophysical Phenomena},
         year = "2013",
        month = 8,
       volume = {88},
          eid = {042004},
        pages = {042004},
          doi = {10.1103/PhysRevD.88.042004},
collaboration = {IceCube},
archivePrefix = {arXiv},
       eprint = {1307.3795},
 primaryClass = {astro-ph.HE},
       adsurl = {https://ui.adsabs.harvard.edu/\#abs/2013PhRvD..88d2004A},
      adsnote = {Provided by the SAO/NASA Astrophysics Data System}
}



@INPROCEEDINGS{auger-data,
       author = {{Fenu}, F. and {Pierre Auger Collaboration}},
        title = "{The cosmic ray energy spectrum measured using the Pierre Auger Observatory}",
    booktitle = {Proceedings of the \nth{35} International Cosmic Ray Conference},
    series = {ICRC 2017},
         year = "2017",
       volume = {301},
          eid = {486},
        pages = {486},
       adsurl = {https://ui.adsabs.harvard.edu/\#abs/2017ICRC...35..486F},
      adsnote = {Provided by the SAO/NASA Astrophysics Data System}
}




@ARTICLE{hires-data,
       author = {{Abbasi}, R.~U. and {Abu-Zayyad}, T. and {Allen}, M. and {Amman}, J.~F. and
         {Archbold}, G. and {Belov}, K. and {Belz}, J.~W. and {Ben Zvi}, S.~Y. and
         {Bergman}, D.~R. and {Blake}, S.~A. and {Brusova}, O.~A. and
         {Burt}, G.~W. and {Cannon}, C. and {Cao}, Z. and {Connolly}, B.~C. and
         {Deng}, W. and {Fedorova}, Y. and {Finley}, C.~B. and {Gray}, R.~C. and
         {Hanlon}, W.~F. and {Hoffman}, C.~M. and {Holzscheiter}, M.~H. and
         {Hughes}, G. and {H{\"u}ntemeyer}, P. and {Jones}, B.~F. and
         {Jui}, C.~C.~H. and {Kim}, K. and {Kirn}, M.~A. and {Loh}, E.~C. and
         {Maestas}, M.~M. and {Manago}, N. and {Marek}, L.~J. and {Martens}, K. and
         {Matthews}, J.~A.~J. and {Matthews}, J.~N. and {Moore}, S.~A. and
         {O'Neill}, A. and {Painter}, C.~A. and {Perera}, L. and {Reil}, K. and
         {Riehle}, R. and {Roberts}, M. and {Rodriguez}, D. and {Sasaki}, N. and
         {Schnetzer}, S.~R. and {Scott}, L.~M. and {Sinnis}, G. and
         {Smith}, J.~D. and {Sokolsky}, P. and {Song}, C. and {Springer}, R.~W. and
         {Stokes}, B.~T. and {Thomas}, S.~B. and {Thomas}, J.~R. and
         {Thomson}, G.~B. and {Tupa}, D. and {Westerhoff}, S. and
         {Wiencke}, L.~R. and {Zhang}, X. and {Zech}, A.},
        title = "{First Observation of the Greisen-Zatsepin-Kuzmin Suppression}",
      journal = {PRL},
     keywords = {98.70.Sa, 95.85.Ry, 96.50.sb, 96.50.sd, Cosmic rays, Neutrino muon pion and other elementary particles, cosmic rays, Composition energy spectra and interactions, Extensive air showers, Astrophysics},
         year = "2008",
        month = 3,
       volume = {100},
          eid = {101101},
        pages = {101101},
          doi = {10.1103/PhysRevLett.100.101101},
archivePrefix = {arXiv},
       eprint = {astro-ph/0703099},
 primaryClass = {astro-ph},
       adsurl = {https://ui.adsabs.harvard.edu/\#abs/2008PhRvL.100j1101A},
      adsnote = {Provided by the SAO/NASA Astrophysics Data System}
}




@ARTICLE{tibet-data,
       author = {{Amenomori}, M. and {Bi}, X.~J. and {Chen}, D. and {Cui}, S.~W. and
         {Danzengluobu} and {Ding}, L.~K. and {Ding}, X.~H. and {Fan}, C. and
         {Feng}, C.~F. and {Feng}, Zhaoyang and {Feng}, Z.~Y. and {Gao}, X.~Y. and
         {Geng}, Q.~X. and {Guo}, H.~W. and {He}, H.~H. and {He}, M. and
         {Hibino}, K. and {Hotta}, N. and {Hu}, Haibing and {Hu}, H.~B. and
         {Huang}, J. and {Huang}, Q. and {Jia}, H.~Y. and {Kajino}, F. and
         {Kasahara}, K. and {Katayose}, Y. and {Kato}, C. and {Kawata}, K. and
         {Labaciren} and {Le}, G.~M. and {Li}, A.~F. and {Li}, J.~Y. and
         {Lou}, Y. -Q. and {Lu}, H. and {Lu}, S.~L. and {Meng}, X.~R. and
         {Mizutani}, K. and {Mu}, J. and {Munakata}, K. and {Nagai}, A. and
         {Nanjo}, H. and {Nishizawa}, M. and {Ohnishi}, M. and {Ohta}, I. and
         {Onuma}, H. and {Ouchi}, T. and {Ozawa}, S. and {Ren}, J.~R. and
         {Saito}, T. and {Saito}, T.~Y. and {Sakata}, M. and {Sako}, T.~K. and
         {Shibata}, M. and {Shiomi}, A. and {Shirai}, T. and {Sugimoto}, H. and
         {Takita}, M. and {Tan}, Y.~H. and {Tateyama}, N. and {Torii}, S. and
         {Tsuchiya}, H. and {Udo}, S. and {Wang}, B. and {Wang}, H. and
         {Wang}, X. and {Wang}, Y. and {Wang}, Y.~G. and {Wu}, H.~R. and
         {Xue}, L. and {Yamamoto}, Y. and {Yan}, C.~T. and {Yang}, X.~C. and
         {Yasue}, S. and {Ye}, Z.~H. and {Yu}, G.~C. and {Yuan}, A.~F. and
         {Yuda}, T. and {Zhang}, H.~M. and {Zhang}, J.~L. and {Zhang}, N.~J. and
         {Zhang}, X.~Y. and {Zhang}, Y. and {Zhang}, Yi. and {Zhaxisangzhu} and
         {Zhou}, X.~X. and {Tibet AS{\ensuremath{\gamma}} Collaboration}},
        title = "{The All-Particle Spectrum of Primary Cosmic Rays in the Wide Energy Range from {}10$^{14}$ to {}10$^{17}$ eV Observed with the Tibet-III Air-Shower Array}",
      journal = {Astrophysical Journal},
     keywords = {cosmic rays, methods: data analysis, supernovae: general, High Energy Physics - Experiment, Astrophysics},
         year = "2008",
        month = 5,
       volume = {678},
        pages = {1165-1179},
          doi = {10.1086/529514},
archivePrefix = {arXiv},
       eprint = {0801.1803},
 primaryClass = {hep-ex},
       adsurl = {https://ui.adsabs.harvard.edu/\#abs/2008ApJ...678.1165A},
      adsnote = {Provided by the SAO/NASA Astrophysics Data System}
}


@INPROCEEDINGS{kascade-data,
       author = {{Bertaina}, M. and {Apel}, W.~D. and {Arteaga-Vel{\'a}zquez}, J.~C. and
         {Bekk}, K. and {Bl{\"u}mer}, J. and {Bozdog}, H. and {Brancus}, I.~M. and
         {Cantoni}, E. and {Chiavassa}, A. and {Cossavella}, F. and
         {Daumiller}, K. and {de Souza}, V. and {di Pierro}, F. and {Doll}, P. and
         {Engel}, R. and {Fuhrmann}, D. and {Gherghel-Lascu}, A. and
         {Gils}, H.~J. and {Glasstetter}, R. and {Grupen}, C. and {Haungs}, A. and
         {Heck}, D. and {H{\"o}randel}, J.~R. and {Huber}, D. and {Huege}, T. and
         {Kampert}, K. -H. and {Kang}, D. and {Klages}, H.~O. and {Link}, K. and
         {{\L}uczak}, P. and {Mathes}, H.~J. and {Mayer}, H.~J. and {Milke}, J. and
         {Mitrica}, B. and {Morello}, C. and {Oehlschl{\"a}ger}, J. and
         {Ostapchenko}, S. and {Palmieri}, N. and {Pierog}, T. and {Rebel}, H. and
         {Roth}, M. and {Schieler}, H. and {Schoo}, S. and
         {Schr{\"o}der}, F.~G. and {Sima3}, O. and {Toma}, G. and
         {Trinchero}, G.~C. and {Ulrich}, H. and {Weindl}, A. and {Wochele}, J. and
         {Zabierowski}, J. and {KASCADE-Grande Collaboration}},
        title = "{KASCADE-Grande energy spectrum of cosmic rays interpreted with post-LHC hadronic interaction models}",
    booktitle = {Proceedings of the \nth{34} International Cosmic Ray Conference },
    series = {ICRC 2015},
         year = "2015",
       volume = {34},
        month = 7,
          eid = {359},
        pages = {359},
      doi = {10.22323/1.236.0359},
}
